@ARTICLE{8320340,
  author={Li, Min and Fei, Zhihui and Zeng, Min and Wu, Fang-Xiang and Li, Yaohang and Pan, Yi and Wang, Jianxin},
  journal={IEEE/ACM Transactions on Computational Biology and Bioinformatics}, 
  title={Automated ICD-9 Coding via A Deep Learning Approach}, 
  year={2019},
  volume={16},
  number={4},
  pages={1193-1202},
  doi={10.1109/TCBB.2018.2817488}}
  
@misc{kim2014convolutional,
      title={Convolutional Neural Networks for Sentence Classification}, 
      author={Yoon Kim},
      year={2014},
      eprint={1408.5882},
      archivePrefix={arXiv},
      primaryClass={cs.CL}
}

@misc{le2014distributed,
      title={Distributed Representations of Sentences and Documents}, 
      author={Quoc V. Le and Tomas Mikolov},
      year={2014},
      eprint={1405.4053},
      archivePrefix={arXiv},
      primaryClass={cs.CL}
}

@inproceedings{mullenbach-etal-2018-explainable,
    title = "Explainable Prediction of Medical Codes from Clinical Text",
    author = "Mullenbach, James  and
      Wiegreffe, Sarah  and
      Duke, Jon  and
      Sun, Jimeng  and
      Eisenstein, Jacob",
    booktitle = "Proceedings of the 2018 Conference of the North {A}merican Chapter of the Association for Computational Linguistics: Human Language Technologies, Volume 1 (Long Papers)",
    month = jun,
    year = "2018",
    address = "New Orleans, Louisiana",
    publisher = "Association for Computational Linguistics",
    url = "https://aclanthology.org/N18-1100",
    doi = "10.18653/v1/N18-1100",
    pages = "1101--1111"
}


