@ARTICLE{8320340,
  author={Li, Min and Fei, Zhihui and Zeng, Min and Wu, Fang-Xiang and Li, Yaohang and Pan, Yi and Wang, Jianxin},
  journal={IEEE/ACM Transactions on Computational Biology and Bioinformatics}, 
  title={Automated ICD-9 Coding via A Deep Learning Approach}, 
  year={2019},
  volume={16},
  number={4},
  pages={1193-1202},
  doi={10.1109/TCBB.2018.2817488}}
  
@misc{kim2014convolutional,
      title={Convolutional Neural Networks for Sentence Classification}, 
      author={Yoon Kim},
      year={2014},
      eprint={1408.5882},
      archivePrefix={arXiv},
      primaryClass={cs.CL}
}

@misc{le2014distributed,
      title={Distributed Representations of Sentences and Documents}, 
      author={Quoc V. Le and Tomas Mikolov},
      year={2014},
      eprint={1405.4053},
      archivePrefix={arXiv},
      primaryClass={cs.CL}
}


